<record><leader>00000cas a2200000 a 4500</leader><controlfield tag="001">7816650</controlfield><controlfield tag="008">811005d19631982ohudr ne      0   a0eng c</controlfield><datafield ind1=" " ind2=" " tag="010"><subfield code="a">sn 83035166 </subfield><subfield code="z">sn 81002037 </subfield></datafield><datafield ind1=" " ind2=" " tag="040"><subfield code="a">NSD</subfield><subfield code="b">eng</subfield><subfield code="c">NSD</subfield><subfield code="d">NPY</subfield><subfield code="d">NPW</subfield><subfield code="d">NPY</subfield><subfield code="d">AIP</subfield><subfield code="d">NSD</subfield><subfield code="d">DLC</subfield><subfield code="d">ONP</subfield><subfield code="d">NVF</subfield><subfield code="d">OCLCQ</subfield><subfield code="d">OCLCF</subfield><subfield code="d">OCLCO</subfield></datafield><datafield ind1=" " ind2=" " tag="012"><subfield code="j">0</subfield><subfield code="m">1</subfield></datafield><datafield ind1="0" ind2=" " tag="022"><subfield code="a">0279-3644</subfield><subfield code="l">0279-3644</subfield><subfield code="2">1</subfield></datafield><datafield ind1="1" ind2=" " tag="029"><subfield code="a">AU@</subfield><subfield code="b">000025839586</subfield></datafield><datafield ind1=" " ind2=" " tag="032"><subfield code="a">117820</subfield><subfield code="b">USPS</subfield></datafield><datafield ind1=" " ind2=" " tag="042"><subfield code="a">nsdp</subfield><subfield code="a">pcc</subfield></datafield><datafield ind1="0" ind2="0" tag="050"><subfield code="a">Newspaper</subfield></datafield><datafield ind1="0" ind2=" " tag="130"><subfield code="a">Cleveland press (Cleveland, Ohio : 1963)</subfield></datafield><datafield ind1=" " ind2="4" tag="222"><subfield code="a">The Cleveland press</subfield></datafield><datafield ind1="0" ind2="4" tag="245"><subfield code="a">The Cleveland press.</subfield></datafield><datafield ind1=" " ind2=" " tag="260"><subfield code="a">Cleveland, [Ohio] :</subfield><subfield code="b">Scripps-Howard,</subfield><subfield code="c">1963-1982.</subfield></datafield><datafield ind1=" " ind2=" " tag="300"><subfield code="a">v.</subfield></datafield><datafield ind1=" " ind2=" " tag="310"><subfield code="a">Daily,</subfield><subfield code="b">Aug. 3, 1981-1982</subfield></datafield><datafield ind1=" " ind2=" " tag="321"><subfield code="a">Daily (except Sunday),</subfield><subfield code="b">1963-Aug. 2, 1981</subfield></datafield><datafield ind1="0" ind2=" " tag="362"><subfield code="a">No. 27041 (May 18, 1963)-v. 104, no. 224 (June 17, 1982).</subfield></datafield><datafield ind1=" " ind2=" " tag="500"><subfield code="a">Published joint edition with the [Cleveland] Plain dealer, Nov. 6-8, 1974 due to impending strike. These issues carried both titles on the masthead and included a separate Plain dealer section.</subfield></datafield><datafield ind1=" " ind2=" " tag="515"><subfield code="a">No issues published between Nov. 9 and Dec. 21, 1974.</subfield></datafield><datafield ind1=" " ind2=" " tag="555"><subfield code="a">Subject and personal name index: 1977-June 1982. 9 v.</subfield></datafield><datafield ind1=" " ind2="0" tag="651"><subfield code="a">Cleveland (Ohio)</subfield><subfield code="v">Newspapers.</subfield></datafield><datafield ind1=" " ind2="0" tag="651"><subfield code="a">Cuyahoga County (Ohio)</subfield><subfield code="v">Newspapers.</subfield></datafield><datafield ind1=" " ind2="7" tag="655"><subfield code="a">Newspapers.</subfield><subfield code="2">fast</subfield><subfield code="0">(OCoLC)fst01423814</subfield></datafield><datafield ind1=" " ind2="7" tag="651"><subfield code="a">Ohio</subfield><subfield code="z">Cleveland.</subfield><subfield code="2">fast</subfield><subfield code="0">(OCoLC)fst01205966</subfield></datafield><datafield ind1=" " ind2="7" tag="651"><subfield code="a">Ohio</subfield><subfield code="z">Cuyahoga County.</subfield><subfield code="2">fast</subfield><subfield code="0">(OCoLC)fst01202752</subfield></datafield><datafield ind1=" " ind2=" " tag="752"><subfield code="a">United States</subfield><subfield code="b">Ohio</subfield><subfield code="c">Cuyahoga</subfield><subfield code="d">Cleveland.</subfield></datafield><datafield ind1="0" ind2="0" tag="780"><subfield code="t">Cleveland press and news</subfield><subfield code="w">(DLC)sn 83035110</subfield></datafield></record>